@misc{kendra,
	author    = "Kendra Cherry",
	title     = "What is Diffusion of Responsibility?",
	howpublished = "",
	year     = "2014",
	month    = "Setembro",
	note     = "\url{http://psychology.about.com/od/dindex/f/diffusion-of-responsibility.htm}, visto em 25 Setembro 2014",
}

@book{pysch,
	author = {Russell A. Dewey},
	title = {Psychology: An Introduction},
	publisher = "Psych Web",
	date = {2007},
	year = {2007},
	part = {Hostile and Helping Behavior},
	chapter = {Social Psychology},
	note = "Chapter 15: Social Psychology, part IV: Hostile and Helping Behaviork,  \url{http://www.intropsych.com/ch15_social/diffusion_of_responsibility.html}, visto em 24 Setembro 2014"
}


@misc{jade,
	author = {Jade Mazarin},
	title = {Diffusion of Responsibility: Definition, Theory \& Examples},
	date = {date},
	note = "\url{http://education-portal.com/academy/lesson/diffusion-of-responsibility-definition-theory-examples.html#lesson}, visto em 25 Setembro 2014",
	urldate = {25 Setembro 2014},
}



@misc{10cases,
	author = {ListVerse},
	title = {10 Notorious Cases of the Bystander Effect},
	date = {02},
	month = {Novembro},
	year = {2009},
	note = " \url{http://listverse.com/2009/11/02/10-notorious-cases-of-the-bystander-effect/}, visto em 25 Setembro 2014",
}



@book{maxwell,
	author = {Mary Maxwel},
	title = {Morality Among Nations: An Evolutionary View},
	publisher = "SUNY Press",
	date = {1990},
	year = {1990},
	note =" \url{http://books.google.pt/books?id=TW_G-pfyZb4C&pg=PA139&lpg=PA139}, visto em 26 Setembro 2014",
}
